 @online{autore:titolo,
    author = {cognomeautore, nomeautore},
    title = {titolo},
    url = {link},
    hyphenation = {lingua},
    date = {anno},
    month = {mese}
 }
 
@book{autore:titolo,
    author = {cognomeautore, nomeautore},
    title = {titolo},
    date = {anno},
    publisher = {casa editrice},
    hyphenation = {lingua},
 }